@inbook{rich1983artificial,
  title={Artificial Intelligence (McGraw-Hill series in artificial intelligence)},
  author={Rich, Elaine},
  year={1983},
  publisher={McGraw-Hill New York}
}

@inproceedings{kaelbling2001learning,
  title={Learning in worlds with objects},
  author={Kaelbling, Leslie Pack and Oates, Tim and Hernandez, Natalia and Finney, Sarah},
  booktitle={Working Notes of the AAAI Stanford Spring Symposium on Learning Grounded Representations},
  pages={31--36},
  year={2001}
}

@misc{miller2009sort,
  author = "Evan Miller",
  title  = "How not to sort by average rating",
  year = 2009,
  howpublished = "\url{http://www.evanmiller.org/how-not-to-sort-by-average-rating.html}",
  note = "[Online; accessed: Jan. 29th, 2019]"
}


